@Article{Coutinho2016,
    author = {W. Coutinho and R. Nascimento and A. Pessoa and A. Subramanian},
    title = {A Branch-and-Bound Algorithm for the Close-Enough Traveling Salesman Problem},
    journal = {INFORMS Journal on Computing},
    year = {2016},
    volume = {28},
    number = {4},
    pages = {752-765},
    Date-Added = {5/8/2022 12:00:00 AM},
    Date-Modified = {12/5/2024 12:00:00 AM},
}